<?xml version="1.0" encoding="UTF-8"?><collection><record><leader>05560ntm a2200505 a 4500</leader><controlfield tag="001">006491317</controlfield><controlfield tag="003">MiAaHDL</controlfield><controlfield tag="005">20190719000000.0</controlfield><controlfield tag="006">m        d        </controlfield><controlfield tag="007">cr bn ---auaua</controlfield><controlfield tag="008">090424q13uu14uuxx            00| ||ara d</controlfield><datafield tag="035" ind1=" " ind2=" "><subfield code="a">(MiU)006491317</subfield></datafield><datafield tag="035" ind1=" " ind2=" "><subfield code="a">sdr-miu006491317</subfield></datafield><datafield tag="040" ind1=" " ind2=" "><subfield code="a">MiU</subfield><subfield code="c">MiU</subfield><subfield code="e">amremm</subfield></datafield><datafield tag="043" ind1=" " ind2=" "><subfield code="a">n-us-mi</subfield></datafield><datafield tag="100" ind1="1" ind2=" "><subfield code="6">880-01</subfield><subfield code="a">Nasafī, ʻAbd Allāh ibn Aḥmad,</subfield><subfield code="d">-1310.</subfield></datafield><datafield tag="245" ind1="1" ind2="0"><subfield code="6">880-03</subfield><subfield code="a">Kanz al-daqāʼiq,</subfield><subfield code="f">[late 14th or 15th century].</subfield></datafield><datafield tag="260" ind1=" " ind2=" "><subfield code="c">[13-- or 14--]</subfield></datafield><datafield tag="300" ind1=" " ind2=" "><subfield code="a">94 leaves :</subfield><subfield code="b">paper ;</subfield><subfield code="c">245 x 175 (149 x 105) mm. bound to 245 x 183 mm.</subfield></datafield><datafield tag="500" ind1=" " ind2=" "><subfield code="a">Shelfmark: Ann Arbor, University of Michigan, Special Collections Library, Isl. Ms. 95</subfield></datafield><datafield tag="500" ind1=" " ind2=" "><subfield code="a">Origin: Lacks dated colophon ; likely late 14th or 15th century.</subfield></datafield><datafield tag="500" ind1=" " ind2=" "><subfield code="a">Accompanying materials: Vast number of slips bearing notes, virtually all tipped in (paginated pp.7-8, pp.11-12, etc.).</subfield></datafield><datafield tag="500" ind1=" " ind2=" "><subfield code="a">Former shelfmark: British Museum, London. "No. 123. Kanz al-dakaik."</subfield></datafield><datafield tag="500" ind1=" " ind2=" "><subfield code="a">Binding: Pasteboards faced in laid paper with brown leather over spine, fore-edge and edges/turn-ins (paper faced, leather edged, framed binding) ; Type II binding (with flap) ; board linings in laid paper ; sewn in pink thread, two stations ; worked endbands in red and green (headband) and in red and cream (tailband) ; in poor condition with significant abrasion, staining, lifting and losses of leather, delamination of boards, moisture damage, etc.</subfield></datafield><datafield tag="500" ind1=" " ind2=" "><subfield code="a">Support: non-European laid paper with extremely faint laid and chain lines, very difficult to examine ; numerous repairs ; added leaf with table of contents in European laid paper.</subfield></datafield><datafield tag="500" ind1=" " ind2=" "><subfield code="a">Decoration: Abbreviations rubricated throughout ; overlining in red throughout ; keywords, section headings and abbreviations rubricated in excerpts ; written area of final excerpt (p.275-278) surrounded by rule-border in two fillets.</subfield></datafield><datafield tag="500" ind1=" " ind2=" "><subfield code="a">Script: Naskh ; Syrian or Turkish hand ; virtually serifless ; large and clear, quite rounded, with open and closed counters, occasional slight effect of tilt to the left and swooping descenders, section headings in bold thuluth ; two additional hands supply the text of the exerpts (from p.272 to p.278) ; the first of these (see p.272-274) similar but more compact, with many closed counters, swooping descenders, etc. ; the final (see p.275-278) more compact, in a heavier line and with fewer swooping descenders ; pointing in main hand and final hand utilizes inverted caret for two dots ; in second hand inverted caret or distinct dots for two dots, and inverted comma for three dots ; marginalia in numerous other hands.</subfield></datafield><datafield tag="500" ind1=" " ind2=" "><subfield code="a">Layout: Written in 15 lines per page ; excerpts of final leaves in 21 lines per page ; frame-ruled.</subfield></datafield><datafield tag="500" ind1=" " ind2=" "><subfield code="a">Collation: i, III+1 (7), 2 III(19), I(21), 6 V(81), VI-1 (92), 2 (94) ; chiefly quinions ; catchwords present ; pagination in pencil, Western numerals, supplied during digitization (includes vast number of inserts).</subfield></datafield><datafield tag="500" ind1=" " ind2=" "><subfield code="a">Explicit: "ثم اقسم المبلغ على التصحيح ومن صالح من الورثة على شيء فاجعل كان لم يكن واقسم على سهام من بقي ما بقي"</subfield></datafield><datafield tag="500" ind1=" " ind2=" "><subfield code="a">Incipit: "الحمد لله الذي أعز العلم في الاعصار وأعلى حزبه في الامصار ... قال مولانا ... ابو البركات عبد الله بن احمد بن محمود النسفي ... رايت الهمم المائلة الى المختصرات ... واردت ان الخص الوافي ... فشرعت فيه بعد التماس طائفة من اعنان الافاضل ... وسميته بكنز الدقائق ..."</subfield></datafield><datafield tag="500" ind1=" " ind2=" "><subfield code="a">Title from opening (p.6).</subfield></datafield><datafield tag="500" ind1=" " ind2=" "><subfield code="a">Ms. codex.</subfield></datafield><datafield tag="510" ind1="4" ind2=" "><subfield code="a">Brockelmann, C. GAL,</subfield><subfield code="c">II, 196 (1/III)</subfield></datafield><datafield tag="520" ind1="8" ind2=" "><subfield code="a">Extensively annotated copy of the important treatise of Ḥanafī fiqh, a synopsis of the author's own Kitāb al-Wāfī, modelled on the Hidāyah of ʻAlī ibn Abī Bakr al-Marghīnānī (d. 1196 or 7), followed by exerpts.</subfield></datafield><datafield tag="538" ind1=" " ind2=" "><subfield code="a">Mode of access: Internet.</subfield></datafield><datafield tag="541" ind1=" " ind2=" "><subfield code="c">Purchase ;</subfield><subfield code="a">Acquired by purchase along with Abdul Hamid Collection (funds donated by Horace Rackham).</subfield><subfield code="d">1924.</subfield></datafield><datafield tag="546" ind1=" " ind2=" "><subfield code="a">Arabic.</subfield></datafield><datafield tag="561" ind1=" " ind2=" "><subfield code="a">Bookplate of British Museum, London on interior of upper cover,"British Museum, London. No. 123. Kanz al-dakaik." ; circular seal impression with figure of goat/gazelle in purple ink as well as inscription "140" in Western numerals on front flyleaf (p.1) ; on paper pasted on ’title page’ (p.5), a detailed waqf statement in the name of al-Sayyid ʻAbd Allāh Adīb (Abdullah Edip), known as Jannatʹzādah (Cennet-zade), qāḍī of Erzurum, accompanied by his seal, reads: "وقفت وقفا صحيحا شرعيا بشرط ان لا يخرج من بيت الكتب الذي بنيته في اتصال داري بكفيل مرعى اورهن قوي وانا الفقير السيد عبد الله اديب الشهير بجنت زاده القاضي بمدينة ارضروم في سنة اثنى وستين ومائتين والف" ; extensive marginal and interlinear glosses and corrections.</subfield></datafield><datafield tag="650" ind1=" " ind2="0"><subfield code="a">Manuscripts, Arabic</subfield><subfield code="z">Michigan</subfield><subfield code="z">Ann Arbor.</subfield></datafield><datafield tag="650" ind1=" " ind2="0"><subfield code="a">Hanafites</subfield><subfield code="v">Early works to 1800.</subfield></datafield><datafield tag="650" ind1=" " ind2="0"><subfield code="a">Islamic law</subfield><subfield code="v">Early works to 1800.</subfield></datafield><datafield tag="773" ind1="0" ind2=" "><subfield code="a">Tiflis Collection.</subfield></datafield><datafield tag="880" ind1="1" ind2="0"><subfield code="6">245-03/</subfield><subfield code="a">كنز الدقائق,</subfield><subfield code="f">[اواخر القرن 14م أو القرن 15م].</subfield></datafield><datafield tag="880" ind1="1" ind2=" "><subfield code="6">100-01/</subfield><subfield code="a">.نسفي، عبد الله بن احمد</subfield></datafield><datafield tag="CID" ind1=" " ind2=" "><subfield code="a">006491317</subfield></datafield><datafield tag="DAT" ind1="0" ind2=" "><subfield code="a">20190719102634.0</subfield><subfield code="b">20190719000000.0</subfield></datafield><datafield tag="DAT" ind1="1" ind2=" "><subfield code="a">20190719090653.0</subfield><subfield code="b">2019-07-19T16:11:01Z</subfield></datafield><datafield tag="DAT" ind1="2" ind2=" "><subfield code="a">2015-10-02T18:00:03Z</subfield></datafield><datafield tag="CAT" ind1=" " ind2=" "><subfield code="a">SDR-MIU</subfield><subfield code="d">EX LIBRIS - ALEPH</subfield><subfield code="l">prepare.pl-004-008</subfield></datafield><datafield tag="FMT" ind1=" " ind2=" "><subfield code="a">BK</subfield></datafield><datafield tag="HOL" ind1=" " ind2=" "><subfield code="0">sdr-miu006491317</subfield><subfield code="a">MiU</subfield><subfield code="b">SDR</subfield><subfield code="c">MIU</subfield><subfield code="p">mdp.39015079124726</subfield><subfield code="s">MIU</subfield><subfield code="1">006491317</subfield></datafield><datafield tag="974" ind1=" " ind2=" "><subfield code="b">MIU</subfield><subfield code="c">MIU</subfield><subfield code="d">20190719</subfield><subfield code="s">lit-dlps-dc</subfield><subfield code="u">mdp.39015079124726</subfield><subfield code="y">1499</subfield><subfield code="r">pd</subfield><subfield code="q">bib</subfield><subfield code="t">non-US bib date2 &lt; 1879</subfield></datafield></record></collection>